<record>
  <leader>02091nem a2200313   4500</leader>
  <controlfield tag="001">991000097389702696</controlfield>
  <controlfield tag="005">20170609144158.0</controlfield>
  <controlfield tag="008">051118s1936    gr        a   r 0   gre c</controlfield>
  <datafield tag="035" ind1=" " ind2=" ">
    <subfield code="a">(IL-JeALB)10342-972ai_inst</subfield>
  </datafield>
  <datafield tag="035" ind1=" " ind2=" ">
    <subfield code="a">10342</subfield>
    <subfield code="9">ExL</subfield>
  </datafield>
  <datafield tag="035" ind1=" " ind2=" ">
    <subfield code="a">map00000086</subfield>
  </datafield>
  <datafield tag="242" ind1="0" ind2="0">
    <subfield code="a">Archaeological zone of Athens expropriated for excavation purposes</subfield>
  </datafield>
  <datafield tag="245" ind1="0" ind2="0">
    <subfield code="a">Αρχαιολογικη ζονη Αθηνων απαλλοτριοτεα εκτασις</subfield>
    <subfield code="h">[map]</subfield>
  </datafield>
  <datafield tag="255" ind1=" " ind2=" ">
    <subfield code="a">Scale 1:500</subfield>
  </datafield>
  <datafield tag="260" ind1=" " ind2=" ">
    <subfield code="c">1936</subfield>
  </datafield>
  <datafield tag="300" ind1=" " ind2=" ">
    <subfield code="a">1 map on 1 sheet;</subfield>
    <subfield code="c">48 x 70 cm. on sheet 52 x 75 cm.</subfield>
  </datafield>
  <datafield tag="520" ind1=" " ind2=" ">
    <subfield code="a">"an area of the city of Athens expropriated for archaeological excavation. ... a map of the Agora and Theseion sections of Athens that shows what the area was like in 1936, after five years of excavations by the American School of Classical Studies. ... The map is of the area between the Kifissia-Piraeus railway line and the Acropolis, which was declared an archaeological zone by law (law no. 4212) in the mid-1920s." (from the Digital Library for International Research website, http://www.dlir.org/archive/orc-exhibit/items/show/collection/1/id/13)</subfield>
  </datafield>
  <datafield tag="506" ind1=" " ind2=" ">
    <subfield code="a">May require conservation work before use.</subfield>
  </datafield>
  <datafield tag="530" ind1=" " ind2=" ">
    <subfield code="a">Library also has a digitized version of this map on CD (Z692.M3A4).</subfield>
  </datafield>
  <datafield tag="530" ind1=" " ind2=" ">
    <subfield code="a">Digitized versions also available online on the AIAR website:</subfield>
    <subfield code="u">http://www.aiar.org/wp-content/uploads/2015/01/Archaeological_zone_of_Athens.pdf</subfield>
  </datafield>
  <datafield tag="530" ind1=" " ind2=" ">
    <subfield code="a">and on the Digital Library for International Research website:</subfield>
    <subfield code="u">http://www.dlir.org/archive/orc-exhibit/items/show/collection/1/id/13</subfield>
  </datafield>
  <datafield tag="546" ind1=" " ind2=" ">
    <subfield code="a">Greek.</subfield>
  </datafield>
  <datafield tag="651" ind1=" " ind2="0">
    <subfield code="a">Europe</subfield>
    <subfield code="z">Greece</subfield>
    <subfield code="z">Athens</subfield>
    <subfield code="v">Maps.</subfield>
  </datafield>
  <datafield tag="720" ind1="1" ind2=" ">
    <subfield code="a">Ka[lligas?]</subfield>
  </datafield>
  <datafield tag="913" ind1=" " ind2=" ">
    <subfield code="1">98</subfield>
    <subfield code="5">Uncertain</subfield>
    <subfield code="6">Full</subfield>
  </datafield>
  <datafield tag="946" ind1=" " ind2=" ">
    <subfield code="a">Archaeologiki Zone Athenon Apallotriotea Ektasis</subfield>
  </datafield>
  <datafield tag="949" ind1=" " ind2=" ">
    <subfield code="a">MAPS 27A-21-1</subfield>
  </datafield>
  <datafield tag="951" ind1=" " ind2=" ">
    <subfield code="a">457</subfield>
  </datafield>
  <datafield tag="999" ind1=" " ind2=" ">
    <subfield code="a">MAP</subfield>
  </datafield>
</record>
